@misc{SurveyStudentInvolve,
    author = {Colleen Flaherty},
    title = {Survey: Inequities in Student Involvement},
    year = {2023},
    note = {Last Accessed 10 May, 2024},
    url = {https://www.insidehighered.com/news/student-success/college-experience/2023/09/22/survey-barriers-college-students-campus}
}

@misc{CampusGroups,
    author = {READY Education},
    title = {CampusGroups},
    year = {2024},
    note = {Last Accessed 10 May, 2024},
    url = {https://www.campusgroups.com/product/home/}
}

@misc{AttendanceApp,
    author = {TechwithBob},
    title = {Attendance Manager App for Android using Java and MySQL},
    year = {2023},
    note = {Last Accessed 10 May, 2024},
    url = {https://www.youtube.com/watch?v=mjPDc3K6UP4}
}

@misc{UConnect,
    author = {uConnect Inc},
    title = {CASE STUDY: How uConnect Helped Binghamton University Scale Their Work and Drive a 153% Increase in Engagement},
    year = {2021},
    note = {Last Accessed 10 May, 2024},
    url = {https://www.gouconnect.com/case-studies/how-uconnect-helped-binghamton-university-scale-their-work-and-drive-a-153-increase-in-engagement/}
}

@misc{PythonScrape,
    author = {Roberto Rocha},
    title = {Using Python's Calendar Module for Scraping Date-based Data},
    year = {2015},
    note = {Last Accessed 10 May, 2024},
    url = {https://robertorocha.info/using-pythons-calendar-module-for-scraping-date-based-data/}
}

@misc{MediumWebScraping101,
    author = {Anthony Heath},
    title = {Web Scraping 101: Tools, Techniques and Best Practices},
    year = {2023},
    note = {Last Accessed 10 May, 2024},
    url = {https://medium.com/geekculture/web-scraping-101-tools-techniques-and-best-practices-417e377fbeaf}
}

@misc{PromptCloud,
    author = {Bhagyashree},
    title = {What is Data Scraping: Techniques, Tools, and Use Cases},
    year = {2024},
    note = {Last Accessed 10 May, 2024},
    url = {https://www.promptcloud.com/blog/what-is-data-scraping-techniques-tools-and-use-cases/}
}

@misc{Node,
    author = {Kinsta},
    title = {What is Node.js and Why You Should Use It},
    year = {2023},
    note = {Last Accessed 10 May, 2024},
    url = {https://kinsta.com/knowledgebase/what-is-node-js/}
}

@misc{ReactNative,
    author = {Cubix},
    title = {12 Reasons Why You Should Use React Native for Mobile App Development},
    year = {2019},
    note = {Last Accessed 10 May, 2024},
    url = {https://www.cubix.co/blog/12-reasons-why-you-should-use-react-native-to-develop-your-next-mobile-app}
}

@misc{FluttervsReact,
    author = {Issac Lyman},
    title = {Flutter vs React Native: Which is the Right Cross-Platform Framework for You},
    year = {2022},
    note = {Last Accessed 10 May, 2024},
    url = {https://stackoverflow.blog/2022/10/31/comparing-frameworks-for-cross-platform-apps-flutter-vs-react-native/}
}

@misc{GraphQL,
    author = {Roy Derks},
    title = {Use GraphQL for a Firebase Realtime Database},
    year = {2023},
    note = {Last Accessed 10 May, 2024},
    url = {https://developer.ibm.com/articles/awb-use-graphql-firebase-realtime-database/}
}

@misc{UXMetric,
    author = {Userpilot},
    title = {How to Measure User Experience: 7 Key UX Metrics},
    year = {2024},
    note = {Last Accessed 10 May, 2024},
    url = {https://userpilot.com/blog/how-to-measure-user-experience/}
}

@misc{Guidebook,
    author = {Guidebook Inc.},
    title = {Guidebook Terms of Service},
    year = {2022},
    note = {Last Updated 21 September, 2022},
    note = {Last Accessed 10 May, 2024},
    url = {https://guidebook.com/terms}
}

@misc{UofW_IT,
    author = {University of Washington Information Technology},
    title = {Social Media in the Classroom: Opportunities, Challenges & Recommendations},
    year = {2022},
    note = {Last Updated 22 September, 2022},
    note = {Last Accessed 10 May, 2024},
    url = {https://itconnect.uw.edu/tools-services-support/teaching-learning/research/usage-of-campus-technology/ecar-social-media/}
}
@misc{WCAG,
    author = {Web Accessibility Initiative of the World Wide Web Consortium},
    title = {Web Content Accessibility Guidelines},
    year = {1999},
    note = {Last Updated 07 December, 2023},
    note = {Last Accessed 10 May, 2024},
    url = {https://www.levelaccess.com/resources/must-have-wcag-2-1-checklist/?utm_term=web%20content%20accessibility%20guidelines&utm_source=google&utm_medium=cpc&utm_campaign=G_S_WCAG_NA&hsa_net=adwords&hsa_grp=154008227943&hsa_mt=e&hsa_tgt=kwd-303730062944&hsa_kw=web%20content%20accessibility%20guidelines&hsa_src=g&hsa_acc=4319570901&hsa_cam=20745927246&hsa_ver=3&hsa_ad=679860537505&gad_source=1&gclid=CjwKCAjw5v2wBhBrEiwAXDDoJbbXbVFhekF-TLGHqQYDiivm5OXZq4ZP3hDBY3cAZp-SLQatflvHTRoCNiAQAvD_BwE}
}

@article{Appedus,
    author = {Editorial},
    title = {The Ethics of Mobile App Development: Considerations and Best Practices},
    journal = {Appedus: Featured: Mobile App Development},
    year = {2023},
    note = {Last Accessed 10 May, 2024},
    url = {https://appedus.com/mobile-app-development-considerations/}
}

@article{ANA_MobileMarketing,
    author = {Association of National Advertisers},
    title = {Guidelines for Ethical Business Practice: Mobile Marketing},
    journal = {Center for Ethical Marketing},
    year = {2024},
    note = {Copyright Â© 2024 Association of National Advertisers-established in 1910},
    url = {https://www.ana.net/content/show/id/accountability-digital-marketing-ethical-mobile}
}
